@MISC{OpenParliamentTV,
    author = {Jäger, Joscha AND Steinbrück, Alexa AND Morgenstern, Michael AND Aubert, Olivier AND van Kemenade, Philo},
    title = {Open Parliament TV},
    year = 2021,
    howpublished = {\url{https://de.openparliament.tv/}},
    note = {Accessed 31-January-2022},
}

@ARTICLE{Scikit-learn,
    title = {Scikit-learn: Machine Learning in {P}ython},
    author = {Pedregosa, F. and Varoquaux, G. and Gramfort, A. and Michel, V.
            and Thirion, B. and Grisel, O. and Blondel, M. and Prettenhofer, P.
            and Weiss, R. and Dubourg, V. and Vanderplas, J. and Passos, A. and
            Cournapeau, D. and Brucher, M. and Perrot, M. and Duchesnay, E.},
    journal = {Journal of Machine Learning Research},
    volume = {12},
    pages = {2825--2830},
    year = {2011},
}

@BOOK{Nltk,
    title = {Natural language processing with Python: analyzing text with the natural language toolkit},
    author = {Bird, Steven and Klein, Ewan and Loper, Edward},
    year = {2009},
    publisher = {" O'Reilly Media, Inc."},
}

@INPROCEEDINGS{Germansentiment,
    author = {Guhr, Oliver  and  Schumann, Anne-Kathrin  and  Bahrmann, Frank  and  Böhme, Hans Joachim},
    title = {Training a Broad-Coverage German Sentiment Classification Model for Dialog Systems},
    booktitle = {Proceedings of The 12th Language Resources and Evaluation Conference},
    month = {May},
    year = {2020},
    address = {Marseille, France},
    publisher = {European Language Resources Association},
    pages = {1620--1625},
    url = {https://www.aclweb.org/anthology/2020.lrec-1.202.pdf},
}

@MISC{Bundestag2018,
    author = {Stern, Lukas},
    title = {Das {J}ahr 2018 im {D}eutscchen {B}undestag: {E}reignisse und {B}eschlüsse},
    publisher = {Deutscher Bundestag, Online-Dienste},
    year = 2018,
    howpublished = {\url{https://www.bundestag.de/dokumente/textarchiv/2018/kw51-jahresrueckblick-584212}},
    note = {Accessed 02-Februrary-2022},
}

@MISC{Bundestag2019,
    author = {Stern, Lukas},
    title = {Ereignisse, {D}ebatten, {B}eeschlüsse – das {J}ahr 2019 im {B}undestag},
    publisher = {Deutscher Bundestag, Online-Dienste},
    year = 2019,
    howpublished = {\url{https://www.bundestag.de/dokumente/textarchiv/2019/kw52-jahresruecklick-673588}},
    note = {Accessed 02-Februrary-2022},
}